<?xml version="1.0" encoding="UTF-8"?><collection xmlns="http://www.loc.gov/MARC21/slim"><record><leader>00540nam--2200193-u-4500</leader><controlfield tag="001">000051709</controlfield><controlfield tag="002">20161230</controlfield><controlfield tag="005">20161230201049</controlfield><controlfield tag="008">080915s1000------------r-----000-0-eng-d</controlfield><datafield ind1=" " ind2=" " tag="020"><subfield code="a">973-46-0426-0</subfield></datafield><datafield ind1=" " ind2=" " tag="040"><subfield code="a">IFIN-HH</subfield></datafield><datafield ind1=" " ind2=" " tag="080"><subfield code="a">33</subfield></datafield><datafield ind1="1" ind2=" " tag="100"><subfield code="a">Daniels, Aubrey C</subfield></datafield><datafield ind1="1" ind2="0" tag="245"><subfield code="a">Managementul performantei. Strategii de obtinere a rezultatelor maxime de la angajati. Traducere: Cristina Popa</subfield></datafield><datafield ind1=" " ind2=" " tag="260"><subfield code="a">Iasi</subfield><subfield code="b">Polirom</subfield><subfield code="c">2007</subfield></datafield><datafield ind1=" " ind2=" " tag="300"><subfield code="a">379 p</subfield></datafield><datafield ind1="1" ind2=" " tag="700"><subfield code="a">Aubrey C. Daniels</subfield></datafield><datafield ind1=" " ind2=" " tag="852"><subfield code="a">82112</subfield><subfield code="c">33</subfield></datafield><datafield ind1=" " ind2=" " tag="CAT"><subfield code="a">Sys</subfield><subfield code="c">20080915</subfield><subfield code="h">132354</subfield></datafield></record></collection>